

% Strings


% Preamble


% BibTeX Entries
%
@book{kiso,
author               = {小林 一郎},
publisher            = {サイエンス社},
title                = {人工知能の基礎},
year                 = {2008},
}

@book{sinsou,
author               = {岡谷 貫之},
publisher            = {講談社},
title                = {深層学習},
year                 = {2015},
}

@book{oreilly,
author               = {西尾 泰和},
publisher            = {オライリー・ジャパン},
title                = {word2vecによる自然言語処理},
year                 = {2014},
}

%
@book{manzainyumon,
author               = {},
publisher            = {RittorMusic},
title                = { },
year                 = {2008},
}
@book{odabook,
 author               = {,},
 publisher            = {},
 title                = {},
 year                 = {1986},
 }
 @book{asaikikaku,
 author               = {},
 publisher            = {},
 title                = {},
 year                 = {2006},
 }
 @book{shinkaron,
 author               = {},
 publisher            = {},
 title                = {},
 year                 = {2005},
 }
 
%
@article{Alani,
 author               = {H. Alani and S. kim and D. Millard and M. Weal and P. Lewis and N. Shadbolt},
 journal              = {Intelligent Systems, IEEE},
 title                = {Automatic ontology-based knowledge extraction from web documents},
 volume               = {18},
 number               = {1},
 pages                = {14-21},
 year                 = {2003},
 }

@article{Liu,
 author               = {H.-C. Liu and Q.-L. Lin and L.-X. Mao and Z.-Y. Zhang},
 journal              = {Systems, Man, and Cybernetics: Systems, IEEE Transaction on},
 title                = {Dynamic adaptive fuzzy petri nets for knowledge representation and reasoning},
 volume               = {43},
 number               = {6},
 pages                = {1399-1410},
 year                 = {2013},
} 

@article{Con,
 author               = {G. Hinton},
 journal              = {Neural Computation},
 title                = {Training Products of Experts by Minimizing Contrastive Divergence},
 volume               = {14},
 number               = {8},
 pages                = {1771-1800},
 year                 = {2002},
} 

@article{semantic,
author={A.M. Collins and M.R. Quillian},
journal={Journal of verbal learning and verbal behavior},
title={Retrieval time from semantic memory},
volume={8},
number={2},
pages={240-247},
year={1969},
}

@article{frame,
author={M. Minsky},
journal={The Psychology of Computer Vision},
title={A framework for representing knowledge},
pages={211-277},
year={1975},
}

@article{wordEye,
author="Bob,Coyne and Richard,Sproat",
title="WordsEye:An Automatic Text-to-Scene Conversion System",
journal="SIGGRAPH",
ISSN="",
publisher="",
year="2001",
volume="28",
number="2",
pages="487-496",
URL="http://dl.acm.org/citation.cfm?id=383316",
DOI="",
}
@article{haiku,
author=", and ,",
title="",
journal="",
ISSN="09196072",
publisher="",
year="2009-10-26",
volume="",
number="2",
pages="43-46",
URL="http://ci.nii.ac.jp/naid/110007484246",
DOI="",
}

@misc{Siri,
title="Apple:Siri",
howpublished="\url{http://www.apple.com/jp/ios/siri/}",
}

@article{okadaJP,
author=", and , and , and ,",
title="",
journal=".",
ISSN="",
publisher="",
year="1997-05-23",
volume="97",
number="",
pages="37-42",
URL="http://ci.nii.ac.jp/naid/110002929841",
DOI="",
}
 
 @article{hearst,
author={M.A. Hearst},
title={Automatic acquisition of hyponyms from large text cor- pora},
journal={in Proc. 14th Conf. Comput. Linguist},
volume={2},
year={1992},
pages={539-545}
}

 @article{such,
author={F.M. Suchanek and G. Kasneci and G. Weikum},
title={Yago: A large ontology from Wikipedia and WordNet},
journal={Web Semantics: Science, Services and Agents on the World Wide Web},
volume={6},
number={3},
year={2008},
pages={1224-1234}
} 

@article{Ruiji,
author={R. Fu and J. Guo and B. Qin and W. Che and H. Wang and T. Liu},
title={Learning Semantic Hierarchies: A Continuous Vector Space Approach},
journal={IEEE/ACM TRANSACTIONS ON AUDIO, SPEECH, AND LANGUAGE PROCESSING},
volume={23},
number={3},
year={2015},
pages={461-471}
} 

@article{word2vec,
author={T. Mikolov and W.-t. Yih and G. Zweig},
title={Linguistic regularities in con- tinuous space word representations},
journal={in Proc. NAACL-HLT},
year={2013},
pages={746-751}
} 

 @misc{oldstory,
 author               = {IROUSE},
 howpublished         = {\url{http://www.geocities.jp/net_t3/color/index.html}},
 title                = {IROUSE - },
 }
 
@misc{Google,
author="Google",
title="n-gram",
howpublished="\url{http://googlejapan.blogspot.com/2007/11/n-gram.html}",
}

@misc{mecab,
author=“a”,
title="MeCab: Yet Another Part-of-Speech and Morphological Analyzer",
howpublished="\url{http://mecab.sourceforge.net/}",
}
@misc{cabocha,
title="CaboCha/: Yet Another Japanese Dependency Structure Analyzer",
howpublished="\url{http://chasen.org/~taku/software/cabocha/}",
}

@misc{jeita,
author={JEITA},
title={知識情報処理技術に関する調査研究報告書 平成 21 年度報告書},
howpublished={\url{http://www.jaist.ac.jp/project/NLP_Portal/doc/jeita/JEITA_report_2009.pdf}}
}

@misc{goi,
author={NTTコミュニケーション科学基礎研究所言語知能研究グループ},
title={日本語語彙体系},
howpublished={\url{http://www.kecl.ntt.co.jp/icl/lirg/resources/GoiTaikei/}}
}
@misc{edr,
author={日本電子化辞書研究所},
title={EDR電子化辞書},
howpublished={\url{http://www2.nict.go.jp/out-promotion/techtransfer/EDR/J_index.html}}
}
@misc{wordnet,
author={Princeton University},
title={WordNet},
howpublished={\url{http://wordnet.princeton.edu/wordnet/license/}}
}